@article{vergleichbareArbeiten1,
    author = {Ali Nadi and Alex Nugteren and Maaike Snelder and J.W.C. Van Lint and Jafar Rezaei},
    title ={Advisory-Based Time Slot Management System to Mitigate Waiting Time at Container Terminal Gates},
    journal = {Transportation Research Record},
    volume = {2676},
    number = {10},
    pages = {656-669},
    year = {2022},
    URL = { 
            https://doi.org/10.1177/03611981221090940
    }
}
@article{vergleichbareArbeiten2,
    author = {Ali Nadi and Maaike Snelder and J.W.C. Van Lint and Lóránt Tavasszy},
    title = {A Data-driven and multi-agent decision support system for time
    slot management at container terminals: A case study for the Port
    of Rotterdam},
    year = {2023},
    URL = { 
        https://arxiv.org/ftp/arxiv/papers/2311/2311.15298.pdf
    }
}
@article{vergleichbareArbeiten3,
    author = {Vasileios Skoulas},
    title = {Time-window based Truck Appointment System with Adaptive Slot management and Real-Time Truck Information},
    subtitle = {A case study for the loading operations in a Chemical Plant},
    year = {2024},
    URL = { 
        https://repository.tudelft.nl/islandora/object/uuid:e4870113-975f-4fa1-96dd-1e6d0f061e29/datastream/OBJ/download
    }
}

@book{KIverstehen,
    title     = "Grundkurs Künstliche Intelligenz",
    author    = "Ralf T. Kreutzer and Marie Sirrenberg",
    year      = 2019,
    publisher = "Springer Gabler",
    isbn = "978-3-658-25560-2",
}

@book{travelingSalesman,
    title = {The Traveling Salesman Problem: a Computational Study},
    author = {David L Applegate and Robert E Bixby and Vasek Chvatal and William J Cook},
    series = {Princeton Series in Applied Mathematics},
    publisher = {Princeton University Press},
    year = {2011},
    ISBN = {9781400841103},
}

@article{truckDockAllocation,
    author = {Shivam Sharma},
    title ={An Efficient Truck Dock Allocation Algorithm},
    journal = {Global Journal of Enterprise Information System},
    year = {2017},
    volume = {9},
    number = {1},
    pages = {65-74},
    URL = { 
            https://gjeis.com/index.php/GJEIS/article/view/196
    }
}

@online{r,
  author = {The R Foundation},
  title = {The R Project for Statistical Computing},
  year = 2024,
  url = {https://www.r-project.org/},
  urldate = {2025-05-21}
}

@online{rstudio,
  author = {Posit Software},
  title = {RSTUDIO IDE},
  year = 2024,
  url = {https://posit.co/products/open-source/rstudio/},
  urldate = {2025-05-21}
}

@article{jobshop1,
    author = {Chaudhry, Imran Ali and Khan, Abid Ali},
    title = {A research survey: review of flexible job shop scheduling techniques},
    journal = {International Transactions in Operational Research},
    volume = {23},
    number = {3},
    pages = {551-591},
    doi = {https://doi.org/10.1111/itor.12199},
    year = {2016}
}
#url = {https://onlinelibrary.wiley.com/doi/abs/10.1111/itor.12199},

@online{jobshop2,
    title={ND Pyomo Cookbook - 4.3. Job Shop Scheduling},
    author = {Jeffrey C. Kantor},
    year = 2022,
    url={https://jckantor.github.io/ND-Pyomo-Cookbook/notebooks/04.03-Job-Shop-Scheduling.html},
    urldate = {2025-05-21}
}

@article{heuristicAlgorithms,
    author = {Kokash, Natallia},
    title = {An introduction to heuristic algorithms},
    year = 2005,
    journal = {Department of Informatics and Telecommunications, University of Trento, Italy}
}

@incollection{constraintProgramming,
    title = {Chapter 4 Constraint Programming},
    editor = {Frank {van Harmelen} and Vladimir Lifschitz and Bruce Porter},
    series = {Foundations of Artificial Intelligence},
    publisher = {Elsevier},
    volume = {3},
    pages = {181-211},
    year = {2008},
    booktitle = {Handbook of Knowledge Representation},
    issn = {1574-6526},
    doi = {https://doi.org/10.1016/S1574-6526(07)03004-0},
    author = {Francesca Rossi and Peter {van Beek} and Toby Walsh},
}
#url = {https://www.sciencedirect.com/science/article/pii/S1574652607030040},

@online{jobShopSkizze,
    author={TODO},
    url={https://commons.wikimedia.org/wiki/File:Produktionsplanung.svg}
}

@online{tspDeutschland,
    author={TODO},
    url={https://commons.wikimedia.org/wiki/File:TSP_Deutschland_3.png}
}

@book{graphenEckenKanten,
    title = {Graphen an allen Ecken und Kanten},
    author = {Lutz Volkmann},
    publisher = {Lehrstuhl II für Mathematik, Rheinisch-Westf¨alische Technische Hochschule Aachen},
    year = {2011},
    ISBN = {3-211-82774-9},
}

@article{mtsp,
title = {The multiple traveling salesman problem: an overview of formulations and solution procedures},
journal = {Omega},
volume = {34},
number = {3},
pages = {209-219},
year = {2006},
issn = {0305-0483},
doi = {https://doi.org/10.1016/j.omega.2004.10.004},
author = {Tolga Bektas},
}
#url = {https://www.sciencedirect.com/science/article/pii/S0305048304001550},

@article{mtspAlgosAndTransform,
author = {Maha, Al-Furhud and Ahmed, Zakir},
year = {2020},
month = {07},
pages = {553-560},
title = {Genetic Algorithms for the Multiple Travelling Salesman Problem},
volume = {11},
journal = {International Journal of Advanced Computer Science and Applications},
doi = {10.14569/IJACSA.2020.0110768}
}

@article{mtspTransform2,
author = {Maha, Al-Furhud and Ahmed, Zakir},
year = {2020},
month = {10},
pages = {13},
title = {Experimental Study of a Hybrid Genetic Algorithm for the Multiple Travelling Salesman Problem},
volume = {2020},
journal = {Mathematical Problems in Engineering},
doi = {10.1155/2020/3431420}
}

@online{chocoSolver,
    author={TODO},
    url={https://choco-solver.org/}
}

@article{tspSimulatedAnnealing,
author = {Shi-hua Zhan and Juan Lin and Ze-jun Zhang and Yi-wen Zhong},
year = {2016},
title = {List-Based Simulated Annealing Algorithm for Traveling Salesman Problem},
volume = {2016},
journal = {Hindawi Publishing Corporation Computational Intelligence and Neuroscience},
doi = {https://doi.org/10.1155/2016/1712630}
}

@online{oracleTsp,
    author={TODO},
    url={https://blogs.oracle.com/javamagazine/post/how-to-solve-the-classic-traveling-salesman-problem-in-java}
}

@online{geeksForGeeks,
    author={TODO},
    url={https://www.geeksforgeeks.org/}
}

@online{geeksForGeeksBnB,
    author={Anurag Rai, TODO!},
    url={https://www.geeksforgeeks.org/traveling-salesman-problem-using-branch-and-bound-2/}
}

@online{geeksForGeeksRm,
    author={TODO},
    url={https://www.geeksforgeeks.org/travelling-salesman-problem-tsp-using-reduced-matrix-method}
}


@online{normalverteilung,
    author={TODO},
    url={https://commons.wikimedia.org/wiki/File:Standard_deviation_diagram.svg}
}

# Heiko: Einführung in Operations Research - Domschke